@conference{Julier2004,
    author    = "Julier, S. and Uhlmann, J.",
    title     = {{Unscented Filtering and Nonlinear Estimation}},
    booktitle = "Invited Paper Proceedings of the IEEE",
    volume = "92",
    number = "3",
    month = "March",
    pages    = "401--422",
    year      = "2004"
}

@conference{Shen2011,
    author    = "Shen, S. and Michael, N. and Kumar, V.",
    title     = {{Autonomous Multi-Floor Navigation with a Computationally Constrained MAV}},
    booktitle = "IEEE International Conference on Robotics and Automation",
    pages    = "20--25",
    year      = "2011"
}